@article{onah2014dropout,
	title={Dropout rates of massive open online courses: behavioural patterns},
	author={Onah, Daniel FO and Sinclair, Jane and Boyatt, Russell},
	journal={EDULEARN'14},
	pages={5825--5834},
	year={2014}
}

@inproceedings{Hadi:2017,
	author = {Hadi, S. Gagen P.},
	title = {New model for measuring MOOCs completion rates},
	booktitle = {European MOOCs Stakeholder Summit},
	year = {2017},
} 
@article{kingma2014adam,
	title={Adam: A method for stochastic optimization},
	author={Kingma, Diederik P and Ba, Jimmy},
	journal={arXiv preprint arXiv:1412.6980},
	year={2014}
}
@article{wolpert1992stacked,
  title={Stacked generalization},
  author={Wolpert, David H},
  journal={Neural networks},
  volume={5},
  number={2},
  pages={241--259},
  year={1992},
  publisher={Elsevier}
}
@inproceedings{wang2017deep,
	title={Deep Model for Dropout Prediction in MOOCs},
	author={Wang, Wei and Yu, Han and Miao, Chunyan},
	booktitle={Proceedings of the 2nd International Conference on Crowd Science and Engineering},
	pages={26--32},
	year={2017},
	organization={ACM}
}
@inproceedings{dalipi2018mooc,
	title={MOOC dropout prediction using machine learning techniques: Review and research challenges},
	author={Dalipi, Fisnik and Imran, Ali Shariq and Kastrati, Zenun},
	booktitle={Global Engineering Education Conference (EDUCON), 2018 IEEE},
	pages={1007--1014},
	year={2018},
	organization={IEEE}
}
@article{whitehill2015beyond,
	title={Beyond prediction: First steps toward automatic intervention in MOOC student stopout},
	author={Whitehill, Jacob and Williams, Joseph and Lopez, Glenn and Coleman, Cody and Reich, Justin},
	year={2015}
}
@article{greenwade93,
	author  = "George D. Greenwade",
	title   = "The {C}omprehensive {T}ex {A}rchive {N}etwork ({CTAN})",
	year    = "1993",
	journal = "TUGBoat",
	pages   = "342--351"
}
@article{Duchi2011Adaptive,
	title={Adaptive Subgradient Methods for Online Learning and Stochastic Optimization},
	author={Duchi, John and Hazan, Elad and Singer, Yoram},
	journal={Journal of Machine Learning Research},
	pages={257-269},
	year={2011}
}
@inproceedings{Chen:2016:XST:2939672.2939785,
	author = {Chen, Tianqi and Guestrin, Carlos},
	title = {XGBoost: A Scalable Tree Boosting System},
	booktitle = {Proceedings of the 22Nd ACM SIGKDD International Conference on Knowledge Discovery and Data Mining},
	year = {2016},
	pages = {785--794}
} 
@inproceedings{Perozzi:2014:DOL:2623330.2623732,
	author = {Perozzi, Bryan and Al-Rfou, Rami and Skiena, Steven},
	title = {DeepWalk: Online Learning of Social Representations},
	booktitle = {Proceedings of the 20th ACM SIGKDD International Conference on Knowledge Discovery and Data Mining},
	year = {2014},
	pages = {701--710}
} 

@article{doi:10.1080/01587919.2013.835768,
	author = {Baggaley, Jon},
	journal = {Distance Education},
	pages = {368--378},
	title = {{MOOC rampant}},
	year = {2013}
}
@article{Brahimi:2015:LOC:2828640.2828692,
	author = {Brahimi, Tayeb and Sarirete, Akila},
	title = {Learning Outside the Classroom Through MOOCs},
	journal = {Comput. Hum. Behav.},
	year = {2015},
	pages = {604--609},
} 

@INPROCEEDINGS{Tang:08KDD,
    AUTHOR = "Jie Tang and Jing Zhang and Limin Yao and Juanzi Li and Li Zhang and Zhong Su",
    TITLE = "ArnetMiner: Extraction and Mining of Academic Social Networks",
    pages = "990-998",
    YEAR = {2008},
    BOOKTITLE = "KDD'08",
}

@INPROCEEDINGS{Qi:18NIPS,
    AUTHOR = "Yi Qi and Qingyun Wu and Hongning Wang and Jie Tang and Maosong Sun",
    TITLE = "Bandit Learning with Implicit Feedback",
    YEAR = {2018},
    BOOKTITLE = "NIPS'18",
}

@Inbook{Tang2015,
	author="Tang, Jeff K. T.
	and Xie, Haoran
	and Wong, Tak-Lam",
	editor="Lam, Jeanne
	and Ng, Kwan Keung
	and Cheung, Simon K.S.
	and Wong, Tak Lam
	and Li, Kam Cheong
	and Wang, Fu Lee",
	title="A Big Data Framework for Early Identification of Dropout Students in MOOC",
	bookTitle="Technology in Education. Technology-Mediated Proactive Learning: Second International Conference, ICTE 2015, Hong Kong, China, July 2-4, 2015, Revised Selected Papers",
	year="2015",
	pages="127--132"
}
@inproceedings{Kloft2014Predicting,
	title={Predicting MOOC Dropout over Weeks Using Machine Learning Methods},
	author={Kloft, Marius and Stiehler, Felix and Zheng, Zhilin and Pinkwart, Niels},
	booktitle={EMNLP 2014 Workshop on Analysis of Large Scale Social Interaction in Moocs},
	pages={60-65},
	year={2014},
}
@article{xing2016temporal,
	title={Temporal predication of dropouts in MOOCs: Reaching the low hanging fruit through stacking generalization},
	author={Xing, Wanli and Chen, Xin and Stein, Jared and Marcinkowski, Michael},
	journal={Computers in Human Behavior},
	pages={119--129},
	year={2016}}
@article{Fei2015,
	author = {Fei, Mi and Yeung, Dit-Yan},
	journal = {2015 IEEE International Conference on Data Mining Workshop (ICDMW)},
	pages = {256--263},
	title = {{Temporal Models for Predicting Student Dropout in Massive Open Online Courses}},
	year = {2015}
}
@article{Kloft2014,
	author = {Kloft, Marius and Stiehler, Felix and Zheng, Zhilin and Pinkwart, Niels},
	booktitle={EMNLP 2014 Workshop on Analysis of Large Scale Social Interaction in Moocs},
	pages = {60--65},
	title = {{Predicting MOOC Dropout over Weeks Using Machine Learning Methods}},
	year = {2014}
}

@article{Hochreiter1997Long,
	title={Long short-term memory},
	author={Hochreiter, S and Schmidhuber, J},
	journal={Neural Computation},
	pages={1735-1780},
	year={1997},
}
@article{Friedman2001Greedy,
	title={Greedy Function Approximation: A Gradient Boosting Machine},
	author={Friedman, Jerome H.},
	journal={Annals of Statistics},
	pages={1189-1232},
	year={2001},
}
@inproceedings{Perozzi2014DeepWalk,
	title={Deepwalk: Online learning of social representations},
	author={Perozzi, Bryan and Al-Rfou, Rami and Skiena, Steven},
	booktitle={KDD'14},
	pages={701--710},
	year={2014},
}
@inproceedings{He:2015:IAS:2886521.2886563,
	author = {He, Jiazhen and Bailey, James and Rubinstein, Benjamin I. P. and Zhang, Rui},
	title = {Identifying At-risk Students in Massive Open Online Courses},
	booktitle = {Proceedings of the Twenty-Ninth AAAI Conference on Artificial Intelligence},
	year = {2015},
	pages = {1749--1755},
} 
@inproceedings{yang2013turn,
	title={Turn on, tune in, drop out: Anticipating student dropouts in massive open online courses},
	author={Yang, Diyi and Sinha, Tanmay and Adamson, David and Ros{\'e}, Carolyn Penstein},
	booktitle={Proceedings of the 2013 NIPS Data-driven education workshop},
	pages={14},
	year={2013}
}

@inproceedings{Blum:1998:CLU:279943.279962,
	author = {Blum, Avrim and Mitchell, Tom},
	title = {Combining Labeled and Unlabeled Data with Co-training},
	booktitle = {Proceedings of the Eleventh Annual Conference on Computational Learning Theory},
	year = {1998},
	location = {Madison, Wisconsin, USA},
	pages = {92--100},} 

@article{article,
	author = {Waldrop, Mitch},
	year = {2013},
	pages = {160-3},
	title = {Online learning: Campus 2.0},
	booktitle = {Nature}
}
@article{Crow2013,
	author = {Crow, Michael M},
	journal = {Nature},
	pages = {275},
	title = {{Look, then leap}},
	year = {2013}
}
@article{Seaton2014Who,
	title={Who does what in a massive open online course?},
	author={Seaton, Daniel T. and Bergner, Yoav and Chuang, Isaac and Mitros, Piotr and Pritchard, David E.},
	journal={Communications of the Acm},
	pages={58-65},
	year={2014},
}
@book{Back:1996:EAT:229867,
	author = {B\"{a}ck, Thomas},
	title = {Evolutionary Algorithms in Theory and Practice: Evolution Strategies, Evolutionary Programming, Genetic Algorithms},
	year = {1996},} 

@inproceedings{Nigam:2000:AEA:354756.354805,
	author = {Nigam, Kamal and Ghani, Rayid},
	title = {Analyzing the Effectiveness and Applicability of Co-training},
	booktitle = {Proceedings of the Ninth International Conference on Information and Knowledge Management},
	year = {2000},
	pages = {86--93},
} 
@article{10.2307/2984875,
	author = {A. P. Dempster and N. M. Laird and D. B. Rubin},
	journal = {Journal of the Royal Statistical Society.},
	pages = {1-38},
	title = {Maximum Likelihood from Incomplete Data via the EM Algorithm},
	year = {1977}
}
@inproceedings{Zhou:2005:SRC:1642293.1642439,
	author = {Zhou, Zhi-Hua and Li, Ming},
	title = {Semi-supervised Regression with Co-training},
	booktitle = {Proceedings of the 19th International Joint Conference on Artificial Intelligence},
	year = {2005},
	pages = {908--913},
} 
@inproceedings{Zhang:2014:ACS:2600428.2609599,
	author = {Zhang, Mi and Tang, Jie and Zhang, Xuchen and Xue, Xiangyang},
	title = {Addressing Cold Start in Recommender Systems: A Semi-supervised Co-training Algorithm},
	booktitle = {Proceedings of the 37th International ACM SIGIR Conference on Research \&\#38; Development in Information Retrieval},
	year = {2014},
	pages = {73--82},
	address = {New York, NY, USA},
} 
@inproceedings{Nagrecha:2017:MDP:3041021.3054162,
	author = {Nagrecha, Saurabh and Dillon, John Z. and Chawla, Nitesh V.},
	title = {MOOC Dropout Prediction: Lessons Learned from Making Pipelines Interpretable},
	booktitle = {WWW'17},
	year = {2017},
	pages = {351--359},
} 
@inproceedings{Zheng:2015:USM:2675133.2675217,
	author = {Zheng, Saijing and Rosson, Mary Beth and Shih, Patrick C. and Carroll, John M.},
	title = {Understanding Student Motivation, Behaviors and Perceptions in MOOCs},
	booktitle = {Proceedings of the 18th ACM Conference on Computer Supported Cooperative Work},
	year = {2015},
	pages = {1882--1895}} 

@inproceedings{Anderson:2014:EMO:2566486.2568042ÃŸ,
	author = {Anderson, Ashton and Huttenlocher, Daniel and Kleinberg, Jon and Leskovec, Jure},
	title = {Engaging with Massive Online Courses},
	booktitle = {Proceedings of the 23rd International Conference on World Wide Web},
	year = {2014},
	pages = {687--698},

} 
@inproceedings{Kizilcec:2013:DDA:2460296.2460330,
	author = {Kizilcec, Ren{\'e} F. and Piech, Chris and Schneider, Emily},
	title = {Deconstructing Disengagement: Analyzing Learner Subpopulations in Massive Open Online Courses},
	booktitle = {Proceedings of the Third International Conference on Learning Analytics and Knowledge},
	year = {2013},
	pages = {170--179},
} 
@inproceedings{Guo:2014:VPA:2556325.2566239,
	author = {Guo, Philip J. and Kim, Juho and Rubin, Rob},
	title = {How Video Production Affects Student Engagement: An Empirical Study of MOOC Videos},
	booktitle = {Proceedings of the First ACM Conference on Learning @ Scale Conference},
	year = {2014},
	pages = {41--50},
}
@inproceedings{Kim:2014:UID:2556325.2566237,
	author = {Kim, Juho and Guo, Philip J. and Seaton, Daniel T. and Mitros, Piotr and Gajos, Krzysztof Z. and Miller, Robert C.},
	title = {Understanding In-video Dropouts and Interaction Peaks Inonline Lecture Videos},
	booktitle = {Proceedings of the First ACM Conference on Learning @ Scale Conference},
	year = {2014},
	pages = {31--40},
} 
@inproceedings{Ramesh:2014:LLE:2893873.2894071,
	author = {Ramesh, Arti and Goldwasser, Dan and Huang, Bert and Daum{\'e},III, Hal and Getoor, Lise},
	title = {Learning Latent Engagement Patterns of Students in Online Courses},
	booktitle = {AAAI'14},
	year = {2014},
	pages = {1272--1278},
} 
@inproceedings{Qiu:2016:MPL:2835776.2835842,
	author = {Qiu, Jiezhong and Tang, Jie and Liu, Tracy Xiao and Gong, Jie and Zhang, Chenhui and Zhang, Qian and Xue, Yufei},
	title = {Modeling and Predicting Learning Behavior in MOOCs},
	booktitle = {Proceedings of the Ninth ACM International Conference on Web Search and Data Mining},
	year = {2016},
	pages = {93--102},
} 
@article{balakrishnan2013predicting,
	title={Predicting student retention in massive open online courses using hidden markov models},
	author={Balakrishnan, Girish and Coetzee, Derrick},
	journal={Electrical Engineering and Computer Sciences University of California at Berkeley},
	year={2013}
}
@inproceedings{Clow:2013:MFP:2460296.2460332,
	author = {Clow, Doug},
	title = {MOOCs and the Funnel of Participation},
	booktitle = {Proceedings of the Third International Conference on Learning Analytics and Knowledge},
	year = {2013},
	pages = {185--189},
} 
@inproceedings{He:2016:MMM:3015812.3015989,
	author = {He, Jiazhen and Rubinstein, Benjamin I. P. and Bailey, James and Zhang, Rui and Milligan, Sandra and Chan, Jeffrey},
	title = {MOOCs Meet Measurement Theory: A Topic-modelling Approach},
	booktitle = {Proceedings of the Thirtieth AAAI Conference on Artificial Intelligence},
	year = {2016},
	pages = {1195--1201},
} 
@inproceedings{chaturvedi2014predicting,
	title={Predicting instructor's intervention in MOOC forums},
	author={Chaturvedi, Snigdha and Goldwasser, Dan and Daum{\'e} III, Hal},
	booktitle={Proceedings of the 52nd Annual Meeting of the Association for Computational Linguistics},
	pages={1501--1511},
	year={2014}
}
@inproceedings{ramesh2015weakly,
	title={Weakly supervised models of aspect-sentiment for online course discussion forums},
	author={Ramesh, Arti and Kumar, Shachi H and Foulds, James and Getoor, Lise},
	booktitle={Proceedings of the 53rd Annual Meeting of the Association for Computational Linguistics and the 7th International Joint Conference on Natural Language Processing},
	pages={74--83},
	year={2015}
}
@article{kellogg2013online,
  title={Online learning: How to make a MOOC},
  author={Kellogg, Sarah},
  journal={Nature},
  pages={369--371},
  year={2013},
}
@article{reich2015rebooting,
  title={Rebooting MOOC research},
  author={Reich, Justin},
  journal={Science},
  pages={34--35},
  year={2015},
}
@article{bayer2012predicting,
  title={Predicting Drop-Out from Social Behaviour of Students.},
  author={Bayer, Jaroslav and Bydzovsk{\'a}, Hana and G{\'e}ryk, Jan and Obsivac, Tom{\'a}s and Popelinsky, Lubomir},
  journal={International Educational Data Mining Society},
  year={2012},
}
@article{halawa2014dropout,
	title={Dropout prediction in MOOCs using learner activity features},
	author={Halawa, Sherif and Greene, Daniel and Mitchell, John},
	journal={Experiences and best practices in and around MOOCs},
	pages={3--12},
	year={2014}
}
@inproceedings{nair2010rectified,
  title={Rectified linear units improve restricted boltzmann machines},
  author={Nair, Vinod and Hinton, Geoffrey E},
  booktitle={ICML'10},
  pages={807--814},
  year={2010}
}
@article{zhenghao2015s,
  title={Whoâ€™s benefiting from MOOCs, and why},
  author={Zhenghao, Chen and Alcorn, Brandon and Christensen, Gayle and Eriksson, Nicholas and Koller, Daphne and Emanuel, Ezekiel},
  journal={Harvard Business Review},
  volume={25},
  year={2015}
}

@article{shah2018product,
  title={A Product at Every Price: A Review of MOOC Stats and Trends in 2017},
  author={Shah, D},
  journal={Class Central},
  year={2018}
}
@article{rousseeuw1987silhouettes,
  title={Silhouettes: a graphical aid to the interpretation and validation of cluster analysis},
  author={Rousseeuw, Peter J},
  journal={Journal of computational and applied mathematics},
  volume={20},
  pages={53--65},
  year={1987},
  publisher={Elsevier}
}
@article{cristea2018earliest,
  title={Earliest predictor of dropout in MOOCs: a longitudinal study of FutureLearn courses},
  author={Cristea, Alexandra I and Alamri, Ahmed and Kayama, Mizue and Stewart, Craig and Alshehri, Mohammad and Shi, Lei},
  year={2018}
}